{
  "leader": "05370cam a2200457Ia 4500",
  "fields": [
    {
      "001": "ocm48851062\\"
    },
    {
      "003": "OCoLC"
    },
    {
      "005": "20220707123936.0"
    },
    {
      "008": "020115s2002\\\\\\\\ctua\\\\\\\\\\b\\\\\\\\001\\0ceng\\\\"
    },
    {
      "010": {
        "ind1": "\\",
        "ind2": "\\",
        "subfields": [
          {
            "a": "  2002016953"
          }
        ]
      }
    },
    {
      "040": {
        "ind1": "\\",
        "ind2": "\\",
        "subfields": [
          {
            "a": "DLC"
          },
          {
            "b": "eng"
          },
          {
            "c": "DLC"
          },
          {
            "d": "BAKER"
          },
          {
            "d": "BTCTA"
          },
          {
            "d": "YDXCP"
          },
          {
            "d": "LVB"
          },
          {
            "d": "HEBIS"
          },
          {
            "d": "HDC"
          },
          {
            "d": "IG#"
          },
          {
            "d": "OCLCF"
          },
          {
            "d": "OCLCQ"
          },
          {
            "d": "OCLCO"
          },
          {
            "d": "GILDS"
          },
          {
            "d": "OCLCO"
          },
          {
            "d": "NTG"
          },
          {
            "d": "OCLCA"
          },
          {
            "d": "OCL"
          },
          {
            "d": "EXG"
          },
          {
            "d": "OCLCO"
          }
        ]
      }
    },
    {
      "019": {
        "ind1": "\\",
        "ind2": "\\",
        "subfields": [
          {
            "a": "1022593452"
          }
        ]
      }
    },
    {
      "020": {
        "ind1": "\\",
        "ind2": "\\",
        "subfields": [
          {
            "a": "1573563404"
          },
          {
            "q": "(alk. paper)"
          }
        ]
      }
    },
    {
      "020": {
        "ind1": "\\",
        "ind2": "\\",
        "subfields": [
          {
            "a": "9781573563406"
          },
          {
            "q": "(alk. paper)"
          }
        ]
      }
    },
    {
      "035": {
        "ind1": "\\",
        "ind2": "\\",
        "subfields": [
          {
            "a": "(OCoLC)48851062"
          },
          {
            "z": "(OCoLC)1022593452"
          }
        ]
      }
    },
    {
      "042": {
        "ind1": "\\",
        "ind2": "\\",
        "subfields": [
          {
            "a": "pcc"
          }
        ]
      }
    },
    {
      "043": {
        "ind1": "\\",
        "ind2": "\\",
        "subfields": [
          {
            "a": "n-us---"
          }
        ]
      }
    },
    {
      "050": {
        "ind1": "0",
        "ind2": "0",
        "subfields": [
          {
            "a": "HV27"
          },
          {
            "b": ".N68 2002"
          }
        ]
      }
    },
    {
      "082": {
        "ind1": "0",
        "ind2": "0",
        "subfields": [
          {
            "a": "361.74092273"
          },
          {
            "b": "NOT"
          }
        ]
      }
    },
    {
      "245": {
        "ind1": "0",
        "ind2": "0",
        "subfields": [
          {
            "a": "Notable American philanthropists :"
          },
          {
            "b": "biographies of giving and volunteering /"
          },
          {
            "c": "edited by Robert T. Grimm, Jr."
          }
        ]
      }
    },
    {
      "260": {
        "ind1": "\\",
        "ind2": "\\",
        "subfields": [
          {
            "a": "Westport, Conn. :"
          },
          {
            "b": "Greenwood Press,"
          },
          {
            "c": "2002."
          }
        ]
      }
    },
    {
      "300": {
        "ind1": "\\",
        "ind2": "\\",
        "subfields": [
          {
            "a": "xxvi, 388 pages :"
          },
          {
            "b": "illustrations ;"
          },
          {
            "c": "26 cm"
          }
        ]
      }
    },
    {
      "336": {
        "ind1": "\\",
        "ind2": "\\",
        "subfields": [
          {
            "a": "text"
          },
          {
            "b": "txt"
          },
          {
            "2": "rdacontent"
          }
        ]
      }
    },
    {
      "337": {
        "ind1": "\\",
        "ind2": "\\",
        "subfields": [
          {
            "a": "unmediated"
          },
          {
            "b": "n"
          },
          {
            "2": "rdamedia"
          }
        ]
      }
    },
    {
      "338": {
        "ind1": "\\",
        "ind2": "\\",
        "subfields": [
          {
            "a": "volume"
          },
          {
            "b": "nc"
          },
          {
            "2": "rdacarrier"
          }
        ]
      }
    },
    {
      "500": {
        "ind1": "\\",
        "ind2": "\\",
        "subfields": [
          {
            "a": "\"An Oryx book.\""
          }
        ]
      }
    },
    {
      "504": {
        "ind1": "\\",
        "ind2": "\\",
        "subfields": [
          {
            "a": "Includes bibliographical references and index."
          }
        ]
      }
    },
    {
      "505": {
        "ind1": "0",
        "ind2": "0",
        "subfields": [
          {
            "t": "Notable American Philanthropists"
          },
          {
            "g": "1 --"
          },
          {
            "t": "Jane Addams"
          },
          {
            "g": "1 --"
          },
          {
            "t": "American Indian Philanthropy: Family and Giving in Lakota Communities /"
          },
          {
            "r": "Black Elk, Mary Crow Dog"
          },
          {
            "g": "5 --"
          },
          {
            "t": "Leonard Bacon"
          },
          {
            "g": "10 --"
          },
          {
            "t": "Roger Nash Baldwin"
          },
          {
            "g": "14 --"
          },
          {
            "t": "Clara Barton"
          },
          {
            "g": "17 --"
          },
          {
            "t": "Lyman Beecher"
          },
          {
            "g": "21 --"
          },
          {
            "t": "Anthony Benezet"
          },
          {
            "g": "26 --"
          },
          {
            "t": "Mary McLeod Bethune"
          },
          {
            "g": "29 --"
          },
          {
            "t": "Bernice Pauahi Paki Bishop"
          },
          {
            "g": "33 --"
          },
          {
            "t": "Booth Family /"
          },
          {
            "r": "Ballington, Maud, Evangeline Booth"
          },
          {
            "g": "38 --"
          },
          {
            "t": "Charles Loring Brace"
          },
          {
            "g": "44 --"
          },
          {
            "t": "Robert Somers Brookings"
          },
          {
            "g": "47 --"
          },
          {
            "t": "Andrew Carnegie"
          },
          {
            "g": "52 --"
          },
          {
            "t": "Cesar Estrada Chavez"
          },
          {
            "g": "55 --"
          },
          {
            "t": "Peter Cooper"
          },
          {
            "g": "58 --"
          },
          {
            "t": "Paul Cuffe and James Forten"
          },
          {
            "g": "61 --"
          },
          {
            "t": "Dorothy Day"
          },
          {
            "g": "68 --"
          },
          {
            "t": "Dayton Family /"
          },
          {
            "r": "George Draper Dayton, Kenneth Nelson Dayton, Donald Chadwick Dayton, Bruce Bliss Dayton, Wallace Corliss Dayton, Douglas Dayton"
          },
          {
            "g": "72 --"
          },
          {
            "t": "Dorothea Lynde Dix"
          },
          {
            "g": "80 --"
          },
          {
            "t": "Katharine Drexel"
          },
          {
            "g": "83 --"
          },
          {
            "t": "George Eastman"
          },
          {
            "g": "87 --"
          },
          {
            "t": "Henry Ford and Edsel Ford"
          },
          {
            "g": "92 --"
          },
          {
            "t": "Benjamin Franklin"
          },
          {
            "g": "99 --"
          },
          {
            "t": "Hector Perez Garcia"
          },
          {
            "g": "104 --"
          },
          {
            "t": "Mary Elizabeth Garrett"
          },
          {
            "g": "107 --"
          },
          {
            "t": "William H. (Bill) Gates III"
          },
          {
            "g": "112 --"
          },
          {
            "t": "Stephen Girard"
          },
          {
            "g": "116 --"
          },
          {
            "t": "Frederick Harris Goff"
          },
          {
            "g": "121 --"
          },
          {
            "t": "Pierre Frist Goodrich"
          },
          {
            "g": "125 --"
          },
          {
            "t": "Rebecca Gratz"
          },
          {
            "g": "129 --"
          },
          {
            "t": "Guggenheim Family /"
          },
          {
            "r": "Meyer Guggenheim, Daniel Guggenheim, Solomon R. Guggenheim, Simon Guggenheim, Harry Frank Guggenheim, Marguerite \"Peggy\" Guggenheim"
          },
          {
            "g": "133 --"
          },
          {
            "t": "Henry Lee Higginson"
          },
          {
            "g": "145 --"
          },
          {
            "t": "Ima Hogg"
          },
          {
            "g": "147 --"
          },
          {
            "t": "Herbert Clark Hoover"
          },
          {
            "g": "151 --"
          },
          {
            "t": "Samuel Gridley Howe"
          },
          {
            "g": "155 --"
          },
          {
            "t": "Helen Maria (Fiske) Hunt Jackson"
          },
          {
            "g": "160 --"
          },
          {
            "t": "Robert Keayne"
          },
          {
            "g": "164 --"
          },
          {
            "t": "Florence Kelley"
          },
          {
            "g": "167 --"
          },
          {
            "t": "Will Keith Kellogg"
          },
          {
            "g": "171 --"
          },
          {
            "t": "Martin Luther King, Jr."
          },
          {
            "g": "175 --"
          },
          {
            "t": "Sebastian S. Kresge"
          },
          {
            "g": "180 --"
          },
          {
            "t": "Eli Lilly"
          },
          {
            "g": "184 --"
          },
          {
            "t": "Juliette \"Daisy\" Gordon Low"
          },
          {
            "g": "187 --"
          },
          {
            "t": "John Lowell, Jr."
          },
          {
            "g": "191 --"
          },
          {
            "t": "Josephine Shaw Lowell"
          },
          {
            "g": "194 --"
          },
          {
            "t": "Mary Lyon"
          },
          {
            "g": "197 --"
          },
          {
            "t": "Cotton Mather"
          },
          {
            "g": "201 --"
          },
          {
            "t": "Oseola McCarty"
          },
          {
            "g": "204 --"
          },
          {
            "t": "Nettie Fowler McCormick"
          },
          {
            "g": "207 --"
          },
          {
            "t": "Mellon Family /"
          },
          {
            "r": "Andrew W. Mellon, Ailsa Mellon Bruce, Paul Mellon"
          },
          {
            "g": "210 --"
          },
          {
            "t": "Jesse E. Moorland"
          },
          {
            "g": "216 --"
          },
          {
            "t": "John Muir"
          },
          {
            "g": "220 --"
          },
          {
            "t": "John M. Olin"
          },
          {
            "g": "224 --"
          },
          {
            "t": "Owen Family /"
          },
          {
            "r": "Robert Owen, Robert Dale Owen"
          },
          {
            "g": "228 --"
          },
          {
            "t": "David Packard and Lucile Packard"
          },
          {
            "g": "235 --"
          },
          {
            "t": "Frederick Douglass Patterson"
          },
          {
            "g": "239 --"
          },
          {
            "t": "George Peabody"
          },
          {
            "g": "242 --"
          },
          {
            "t": "Pew Family /"
          },
          {
            "r": "J. Howard Pew, Mary Ethel Pew, Joseph N. Pew, Jr., Mabel Pew Myrin"
          },
          {
            "g": "246 --"
          },
          {
            "t": "James Herman Robinson"
          },
          {
            "g": "252 --"
          },
          {
            "t": "John D. Rockefeller, Sr."
          },
          {
            "g": "256 --"
          },
          {
            "t": "Rockefeller Family /"
          },
          {
            "r": "John D. Rockefeller, Jr., Abby Aldrich Rockefeller, John D. Rockefeller 3rd, Abby \"Babs\" Rockefeller Mauze, Nelson A. Rockefeller, Laurance S. Rockefeller, Winthrop Rockefeller, David Rockefeller, Peggy Dulany"
          },
          {
            "g": "260 --"
          },
          {
            "t": "Julius Rosenwald"
          },
          {
            "g": "277 --"
          },
          {
            "t": "Benjamin Rush"
          },
          {
            "g": "280 --"
          },
          {
            "t": "Margaret Olivia Slocum (Mrs. Russell) Sage"
          },
          {
            "g": "285 --"
          },
          {
            "t": "Margaret Sanger"
          },
          {
            "g": "289 --"
          },
          {
            "t": "Elizabeth Ann Bayley Seton"
          },
          {
            "g": "294 --"
          },
          {
            "t": "James Smithson"
          },
          {
            "g": "297 --"
          },
          {
            "t": "George Soros"
          },
          {
            "g": "301 --"
          },
          {
            "t": "Leland Stanford and Jane Lathrop Stanford"
          },
          {
            "g": "305 --"
          },
          {
            "t": "Henrietta Szold"
          },
          {
            "g": "310 --"
          },
          {
            "t": "Arthur Tappan and Lewis Tappan"
          },
          {
            "g": "314 --"
          },
          {
            "t": "Benjamin Thompson, Count Rumford"
          },
          {
            "g": "319 --"
          },
          {
            "t": "Joseph Tuckerman"
          },
          {
            "g": "323 --"
          },
          {
            "t": "Lillian D. Wald"
          },
          {
            "g": "326 --"
          },
          {
            "t": "Madam C.J. Walker"
          },
          {
            "g": "330 --"
          },
          {
            "t": "Booker Taliaferro Washington"
          },
          {
            "g": "333 --"
          },
          {
            "t": "Ida B. Wells-Barnett"
          },
          {
            "g": "338 --"
          },
          {
            "t": "Gertrude Vanderbilt Whitney"
          },
          {
            "g": "341 --"
          },
          {
            "t": "Frances Elizabeth Caroline Willard"
          },
          {
            "g": "344 --"
          },
          {
            "t": "John Winthrop"
          },
          {
            "g": "348 --"
          },
          {
            "g": "Appendix 1"
          },
          {
            "t": "A Timeline of American Philanthropy"
          },
          {
            "g": "353 --"
          },
          {
            "g": "Appendix 2"
          },
          {
            "t": "Videos"
          },
          {
            "g": "361 --"
          },
          {
            "g": "Appendix 3"
          },
          {
            "t": "Children's Books"
          },
          {
            "g": "365."
          }
        ]
      }
    },
    {
      "520": {
        "ind1": "\\",
        "ind2": "\\",
        "subfields": [
          {
            "a": "From Jane Addams, the founder of Hull House, to John Winthrop, the first governor of the Massachusetts Bay Colony, this work profiles 78 individuals or families who have gained some historical reputation for voluntary service or charitable giving. Brief biographies are accompanied by assessments of philanthropic contributions. The entries are nearly uniformly laudatory, suggesting that all of the profilees acted solely out of the goodness of their hearts, even when ample historical evidence suggests otherwise. Annotation copyrighted by Book News, Inc., Portland, OR."
          }
        ]
      }
    },
    {
      "650": {
        "ind1": "\\",
        "ind2": "0",
        "subfields": [
          {
            "a": "Philanthropists"
          },
          {
            "z": "United States"
          },
          {
            "v": "Biography."
          }
        ]
      }
    },
    {
      "650": {
        "ind1": "\\",
        "ind2": "0",
        "subfields": [
          {
            "a": "Voluntarism"
          },
          {
            "z": "United States."
          }
        ]
      }
    },
    {
      "650": {
        "ind1": "\\",
        "ind2": "7",
        "subfields": [
          {
            "a": "Philanthropists."
          },
          {
            "2": "fast"
          },
          {
            "0": "(OCoLC)fst01060593"
          }
        ]
      }
    },
    {
      "650": {
        "ind1": "\\",
        "ind2": "7",
        "subfields": [
          {
            "a": "Voluntarism."
          },
          {
            "2": "fast"
          },
          {
            "0": "(OCoLC)fst01168976"
          }
        ]
      }
    },
    {
      "651": {
        "ind1": "\\",
        "ind2": "7",
        "subfields": [
          {
            "a": "United States."
          },
          {
            "2": "fast"
          },
          {
            "0": "(OCoLC)fst01204155"
          }
        ]
      }
    },
    {
      "655": {
        "ind1": "\\",
        "ind2": "2",
        "subfields": [
          {
            "a": "Biography"
          }
        ]
      }
    },
    {
      "655": {
        "ind1": "\\",
        "ind2": "7",
        "subfields": [
          {
            "a": "Biographies."
          },
          {
            "2": "fast"
          },
          {
            "0": "(OCoLC)fst01919896"
          }
        ]
      }
    },
    {
      "655": {
        "ind1": "\\",
        "ind2": "7",
        "subfields": [
          {
            "a": "Biographies."
          },
          {
            "2": "lcgft"
          }
        ]
      }
    },
    {
      "700": {
        "ind1": "1",
        "ind2": "\\",
        "subfields": [
          {
            "a": "Grimm, Robert T."
          }
        ]
      }
    },
    {
      "994": {
        "ind1": "\\",
        "ind2": "\\",
        "subfields": [
          {
            "a": "Z0"
          },
          {
            "b": "NYRVC"
          }
        ]
      }
    },
    {
      "948": {
        "ind1": "\\",
        "ind2": "\\",
        "subfields": [
          {
            "h": "NO HOLDINGS IN NYRVC - 222 OTHER HOLDINGS"
          }
        ]
      }
    },
    {
      "999": {
        "ind1": "\\",
        "ind2": "\\",
        "subfields": [
          {
            "a": "00000000013621"
          }
        ]
      }
    }
  ]
}